@online{DataSet,
	author = "I-Cheng Yeh, UCI",
	title = "https://www.kaggle.com/uciml/default-of-credit-card-clients-dataset",
	url = "https://www.kaggle.com/uciml/default-of-credit-card-clients-dataset"
}
